<?xml version="1.0" encoding="UTF-8"?>
<record xmlns="http://www.loc.gov/MARC21/slim">
   <leader>01352cam a2200289Ka 4500</leader>
   <controlfield tag="001">7015095</controlfield>
   <controlfield tag="003">NjP</controlfield>
   <controlfield tag="005">20190423191821.0</controlfield>
   <controlfield tag="008">980113s1872    ua            000 0 ara d</controlfield>
   <datafield tag="024" ind1="7" ind2=" ">
      <subfield code="a">princeton_aco004680</subfield>
      <subfield code="2">local</subfield>
   </datafield>
   <datafield ind1=" " ind2=" " tag="035">
      <subfield code="a">(OCoLC)ocm38196318</subfield>
   </datafield>
   <datafield ind1=" " ind2=" " tag="035">
      <subfield code="a">7015095</subfield>
   </datafield>
   <datafield ind1=" " ind2=" " tag="040">
      <subfield code="a">BNG</subfield>
      <subfield code="c">BNG</subfield>
      <subfield code="d">OCLCQ</subfield>
      <subfield code="d">IUL</subfield>
   </datafield>
   <datafield ind1=" " ind2=" " tag="066">
      <subfield code="c">(3</subfield>
   </datafield>
   <datafield ind1=" " ind2=" " tag="035">
      <subfield code="a">(OCoLC)38196318</subfield>
   </datafield>
   <datafield ind1=" " ind2=" " tag="049">
      <subfield code="a">PULL</subfield>
   </datafield>
   <datafield ind1="1" ind2=" " tag="100">
      <subfield code="6">880-01</subfield>
      <subfield code="a">Mawlawī, Yūsuf ibn Aḥmad.</subfield>
   </datafield>
   <datafield ind1="1" ind2="0" tag="245">
      <subfield code="6">880-02</subfield>
      <subfield code="a">Sharḥ al-Mathnawī al-musmā bi-al-Nahj al-quā /</subfield>
      <subfield code="c">taʾlīf Yūsuf bin Aḥmad al-Mawlawī.</subfield>
   </datafield>
   <datafield ind1=" " ind2=" " tag="260">
      <subfield code="6">880-03</subfield>
      <subfield code="a">[Miṣr :</subfield>
      <subfield code="b">al-Maṭbaʻah al-Wahbīyah,</subfield>
      <subfield code="c">1872]</subfield>
   </datafield>
   <datafield ind1=" " ind2=" " tag="300">
      <subfield code="a">6 v. ;</subfield>
      <subfield code="c">24 cm.</subfield>
   </datafield>
   <datafield ind1="0" ind2="0" tag="600">
      <subfield code="6">880-04</subfield>
      <subfield code="a">Jalāl al-Dīn Rūmī,</subfield>
      <subfield code="c">Maulana,</subfield>
      <subfield code="d">1207-1273.</subfield>
      <subfield code="0">http://id.loc.gov/authorities/names/n81059876</subfield>
   </datafield>
   <datafield ind1="0" ind2=" " tag="700">
      <subfield code="6">880-05</subfield>
      <subfield code="a">Jalāl al-Dīn Rūmī,</subfield>
      <subfield code="c">Maulana,</subfield>
      <subfield code="d">1207-1273.</subfield>
      <subfield code="t">Mas̲navī.</subfield>
      <subfield code="0">http://id.loc.gov/authorities/names/n81059876</subfield>
   </datafield>
   <datafield ind1="1" ind2=" " tag="880">
      <subfield code="6">100-01/(3/r</subfield>
      <subfield code="a">مولوي، يوسف بن احمد.</subfield>
   </datafield>
   <datafield ind1="1" ind2="0" tag="880">
      <subfield code="6">245-02/(3/r</subfield>
      <subfield code="a">شرح المثنوي المسمى بالنهج القا /</subfield>
      <subfield code="c">تأليف يوسف بن احمد المولوي.</subfield>
   </datafield>
   <datafield ind1=" " ind2=" " tag="880">
      <subfield code="6">260-03/(3/r</subfield>
      <subfield code="a">[مصر :</subfield>
      <subfield code="b">المطبعة الوهبية،</subfield>
      <subfield code="c">1872]</subfield>
   </datafield>
   <datafield ind1="0" ind2="0" tag="880">
      <subfield code="6">600-04/(3/r</subfield>
      <subfield code="a">جلال الدين رومي،</subfield>
      <subfield code="c">Maulana،</subfield>
      <subfield code="d">1207-1273.</subfield>
   </datafield>
   <datafield ind1="0" ind2=" " tag="880">
      <subfield code="6">700-05/(3/r</subfield>
      <subfield code="a">جلال الدين رومي،</subfield>
      <subfield code="c">Maulana،</subfield>
      <subfield code="d">1207-1273.</subfield>
   </datafield>
   <datafield ind1=" " ind2=" " tag="994">
      <subfield code="a">C0</subfield>
      <subfield code="b">PUL</subfield>
   </datafield>
   <datafield ind1=" " ind2=" " tag="902">
      <subfield code="a">jab</subfield>
      <subfield code="b">r</subfield>
      <subfield code="6">a</subfield>
      <subfield code="7">m</subfield>
      <subfield code="d">v</subfield>
      <subfield code="f">0</subfield>
      <subfield code="e">20120314</subfield>
   </datafield>
   <datafield ind1="8" ind2=" " tag="852">
      <subfield code="0">6901728</subfield>
      <subfield code="b">rcppa</subfield>
      <subfield code="h">2466.809</subfield>
      <subfield code="x">tr fr sy</subfield>
   </datafield>
   <datafield ind1=" " ind2="0" tag="866">
      <subfield code="0">6901728</subfield>
      <subfield code="a">Juzʾ 1- juzʾ 2, juzʾ 4-juzʾ 6</subfield>
   </datafield>
   <datafield ind1=" " ind2="0" tag="866">
      <subfield code="0">6901728</subfield>
      <subfield code="x">DESIGNATOR: juz</subfield>
   </datafield>
   <datafield ind1=" " ind2="0" tag="866">
      <subfield code="0">6901728</subfield>
      <subfield code="x">juzʾ 3 missing at time of transfer to recap. mwc</subfield>
   </datafield>
   <datafield ind1=" " ind2=" " tag="959">
      <subfield code="a">2012-03-14 12:20:28 -0500</subfield>
   </datafield>
</record>
